@misc{ caucuses_2016,
    title   = {Iowa Democratic Party 2016 Caucus Results}, 
    url     = {https://www.idpcaucuses.com/}, 
    journal = {Iowa Democratic Party Caucuses}, 
    year    = {2016}, 
    month   = {Feb},
    note    = "[Online]"
} 

@misc{ census_data,
    title   = {Iowa Census Data Tables: Counties}, 
    url     = {http://www.iowadatacenter.org/browse/counties.html}, 
    journal = {State Data Center of Iowa},
    note    = "[Online]"
} 

@misc{ rampell_2015, 
    title     = {Where Are All the Young Voters?}, 
    url       = {https://www.washingtonpost.com/opinions/where-are-the-young-voters/2015/07/23/2781990e-316f-11e5-8f36-18d1d501920d_story.html},
    journal   = {Washington Post}, 
    publisher = {The Washington Post}, 
    author    = {Rampell, Catherine}, 
    year      = {2015}, 
    month     = {Jul},
    note      = "[Online]"
} 

@misc{ silver_2016, 
    title   = {Bernie Sanders Doesnâ€™t Need Momentum He Needs To Win These States},
    url     = {http://fivethirtyeight.com/features/bernie-sanders-doesnt-need-momentum-he-needs-to-win-these-states/},
    journal = {FiveThirtyEight},
    author  = {Silver, Nate},
    year    = {2016},
    month   = {Feb},
    note    = "[Online]"
} 

@misc{ wiki:xxx,
    author = "Wikipedia",
    title  = "List of cities in Iowa --- Wikipedia{,} The Free Encyclopedia",
    year   = "2015",
    url    = "https://en.wikipedia.org/w/index.php?title=List_of_cities_in_Iowa&oldid=653459029",
    note   = "[Online]"
}